@INPROCEEDINGS{Bollacker08freebase:a,
    author = {Kurt Bollacker and Colin Evans and Praveen Paritosh and Tim Sturge and Jamie Taylor},
    title = {Freebase: a collaboratively created graph database for structuring human knowledge},
    booktitle = {In SIGMOD Conference},
    year = {2008},
    pages = {1247--1250}
},

@inproceedings{Carlson:2010:TAN:2898607.2898816,
 author = {Carlson, Andrew and Betteridge, Justin and Kisiel, Bryan and Settles, Burr and Hruschka,Jr., Estevam R. and Mitchell, Tom M.},
 title = {Toward an Architecture for Never-ending Language Learning},
 booktitle = {Proceedings of the Twenty-Fourth AAAI Conference on Artificial Intelligence},
 series = {AAAI'10},
 year = {2010},
 location = {Atlanta, Georgia},
 pages = {1306--1313},
 numpages = {8},
 url = {http://dl.acm.org/citation.cfm?id=2898607.2898816},
 acmid = {2898816},
 publisher = {AAAI Press},
},

@article{dbpedia-swj,
  added-at = {2019-09-02T12:32:30.000+0200},
  author = {Lehmann, Jens and Isele, Robert and Jakob, Max and Jentzsch, Anja and Kontokostas, Dimitris and Mendes, Pablo N. and Hellmann, Sebastian and Morsey, Mohamed and van Kleef, Patrick and Auer, S{\"o}ren and Bizer, Christian},
  biburl = {https://www.bibsonomy.org/bibtex/2a5edc5b0d8c72ddba61890eac0a5c57b/aksw},
  interhash = {200216bdff758e6806b60acb04b5eea7},
  intrahash = {a5edc5b0d8c72ddba61890eac0a5c57b},
  journal = {Semantic Web Journal},
  keywords = {2015 MOLE dllearner geoknow group_aksw kontokostas lehmann lod2page topic_Classification},
  number = 2,
  pages = {167--195},
  timestamp = {2019-09-02T12:32:30.000+0200},
  title = {{DBpedia} - A Large-scale, Multilingual Knowledge Base Extracted from Wikipedia},
  url = {http://jens-lehmann.org/files/2015/swj_dbpedia.pdf},
  volume = 6,
  year = 2015
},

@inproceedings{Suchanek:2007:YCS:1242572.1242667,
 author = {Suchanek, Fabian M. and Kasneci, Gjergji and Weikum, Gerhard},
 title = {Yago: A Core of Semantic Knowledge},
 booktitle = {Proceedings of the 16th International Conference on World Wide Web},
 series = {WWW '07},
 year = {2007},
 isbn = {978-1-59593-654-7},
 location = {Banff, Alberta, Canada},
 pages = {697--706},
 numpages = {10},
 url = {http://doi.acm.org/10.1145/1242572.1242667},
 doi = {10.1145/1242572.1242667},
 acmid = {1242667},
 publisher = {ACM},
 address = {New York, NY, USA},
 keywords = {WordNet, wikipedia},
},
 
@article{journals/tkde/WangMWG17,
  added-at = {2019-06-02T00:00:00.000+0200},
  author = {Wang, Quan and Mao, Zhendong and Wang, Bin and Guo, Li},
  biburl = {https://www.bibsonomy.org/bibtex/263a91f10c97e47a155696dc3813ac74f/dblp},
  ee = {https://www.wikidata.org/entity/Q64102069},
  interhash = {e99b558eceaf9644001d1d3980d2fa8e},
  intrahash = {63a91f10c97e47a155696dc3813ac74f},
  journal = {IEEE Trans. Knowl. Data Eng.},
  keywords = {dblp},
  number = 12,
  pages = {2724-2743},
  timestamp = {2019-06-04T11:37:23.000+0200},
  title = {Knowledge Graph Embedding: A Survey of Approaches and Applications.},
  url = {http://dblp.uni-trier.de/db/journals/tkde/tkde29.html#WangMWG17},
  volume = 29,
  year = 2017
},


@article{DBLP:journals/corr/abs-1807-06756,
  author    = {Zhen Li and
               Deqing Zou and
               Shouhuai Xu and
               Hai Jin and
               Yawei Zhu and
               Zhaoxuan Chen and
               Sujuan Wang and
               Jialai Wang},
  title     = {SySeVR: {A} Framework for Using Deep Learning to Detect Software Vulnerabilities},
  journal   = {CoRR},
  volume    = {abs/1807.06756},
  year      = {2018},
  url       = {http://arxiv.org/abs/1807.06756},
  archivePrefix = {arXiv},
  eprint    = {1807.06756},
  timestamp = {Mon, 13 Aug 2018 16:46:41 +0200},
  biburl    = {https://dblp.org/rec/bib/journals/corr/abs-1807-06756},
  bibsource = {dblp computer science bibliography, https://dblp.org}
},
@article{DBLP:journals/corr/abs-1803-09544,
  author    = {Uri Alon and
               Meital Zilberstein and
               Omer Levy and
               Eran Yahav},
  title     = {A General Path-Based Representation for Predicting Program Properties},
  journal   = {CoRR},
  volume    = {abs/1803.09544},
  year      = {2018},
  url       = {http://arxiv.org/abs/1803.09544},
  archivePrefix = {arXiv},
  eprint    = {1803.09544},
  timestamp = {Mon, 13 Aug 2018 16:48:10 +0200},
  biburl    = {https://dblp.org/rec/bib/journals/corr/abs-1803-09544},
  bibsource = {dblp computer science bibliography, https://dblp.org}
},
@article{DBLP:journals/corr/abs-1708-01837,
  title     = {CodeSum: Translate Program Language to Natural Language},
  journal   = {CoRR},
  volume    = {abs/1708.01837},
  year      = {2017},
  note      = {Withdrawn.},
  url       = {http://arxiv.org/abs/1708.01837},
  archivePrefix = {arXiv},
  eprint    = {1708.01837},
  timestamp = {Mon, 13 Aug 2018 16:46:07 +0200},
  biburl    = {https://dblp.org/rec/bib/journals/corr/abs-1708-01837},
  bibsource = {dblp computer science bibliography, https://dblp.org}
},
@inproceedings{White:2016:DLC:2970276.2970326,
 author = {White, Martin and Tufano, Michele and Vendome, Christopher and Poshyvanyk, Denys},
 title = {Deep Learning Code Fragments for Code Clone Detection},
 booktitle = {Proceedings of the 31st IEEE/ACM International Conference on Automated Software Engineering},
 series = {ASE 2016},
 year = {2016},
 isbn = {978-1-4503-3845-5},
 location = {Singapore, Singapore},
 pages = {87--98},
 numpages = {12},
 url = {http://doi.acm.org/10.1145/2970276.2970326},
 doi = {10.1145/2970276.2970326},
 acmid = {2970326},
 publisher = {ACM},
 address = {New York, NY, USA},
 keywords = {abstract syntax trees, code clone detection, deep learning, language models, machine learning, neural networks},
},
@article{DBLP:journals/corr/abs-1711-00740,
  author    = {Miltiadis Allamanis and
               Marc Brockschmidt and
               Mahmoud Khademi},
  title     = {Learning to Represent Programs with Graphs},
  journal   = {CoRR},
  volume    = {abs/1711.00740},
  year      = {2017},
  url       = {http://arxiv.org/abs/1711.00740},
  archivePrefix = {arXiv},
  eprint    = {1711.00740},
  timestamp = {Mon, 13 Aug 2018 16:46:52 +0200},
  biburl    = {https://dblp.org/rec/bib/journals/corr/abs-1711-00740},
  bibsource = {dblp computer science bibliography, https://dblp.org}
},
@inproceedings{Bichsel:2016:SDA:2976749.2978422,
 author = {Bichsel, Benjamin and Raychev, Veselin and Tsankov, Petar and Vechev, Martin},
 title = {Statistical Deobfuscation of Android Applications},
 booktitle = {Proceedings of the 2016 ACM SIGSAC Conference on Computer and Communications Security},
 series = {CCS '16},
 year = {2016},
 isbn = {978-1-4503-4139-4},
 location = {Vienna, Austria},
 pages = {343--355},
 numpages = {13},
 url = {http://doi.acm.org/10.1145/2976749.2978422},
 doi = {10.1145/2976749.2978422},
 acmid = {2978422},
 publisher = {ACM},
 address = {New York, NY, USA},
 keywords = {malware inspection, program deobfuscation, reverse engineering},
},
@article{Allamanis:2018:SML:3236632.3212695,
 author = {Allamanis, Miltiadis and Barr, Earl T. and Devanbu, Premkumar and Sutton, Charles},
 title = {A Survey of Machine Learning for Big Code and Naturalness},
 journal = {ACM Comput. Surv.},
 issue_date = {September 2018},
 volume = {51},
 number = {4},
 month = jul,
 year = {2018},
 issn = {0360-0300},
 pages = {81:1--81:37},
 articleno = {81},
 numpages = {37},
 url = {http://doi.acm.org/10.1145/3212695},
 doi = {10.1145/3212695},
 acmid = {3212695},
 publisher = {ACM},
 address = {New York, NY, USA},
 keywords = {Big code, code naturalness, machine learning, software engineering tools},
},
@article{DBLP:journals/corr/abs-1808-01400,
  author    = {Uri Alon and
               Omer Levy and
               Eran Yahav},
  title     = {code2seq: Generating Sequences from Structured Representations of
               Code},
  journal   = {CoRR},
  volume    = {abs/1808.01400},
  year      = {2018},
  url       = {http://arxiv.org/abs/1808.01400},
  archivePrefix = {arXiv},
  eprint    = {1808.01400},
  timestamp = {Sun, 02 Sep 2018 15:01:56 +0200},
  biburl    = {https://dblp.org/rec/bib/journals/corr/abs-1808-01400},
  bibsource = {dblp computer science bibliography, https://dblp.org}
},
@inproceedings{DBLP:conf/icpp/HsiaoCN14,
  author    = {Chun{-}Hung Hsiao and
               Michael J. Cafarella and
               Satish Narayanasamy},
  title     = {Reducing MapReduce Abstraction Costs for Text-centric Applications},
  booktitle = {43rd International Conference on Parallel Processing, {ICPP} 2014,
               Minneapolis, MN, USA, September 9-12, 2014},
  pages     = {40--49},
  year      = {2014},
  url       = {https://doi.org/10.1109/ICPP.2014.13},
  doi       = {10.1109/ICPP.2014.13},
  timestamp = {Fri, 19 May 2017 01:00:00 +0200},
  biburl    = {https://dblp.org/rec/bib/conf/icpp/HsiaoCN14},
  bibsource = {dblp computer science bibliography, https://dblp.org}
},
@inproceedings{DBLP:conf/iclr/AllamanisBK18,
  author    = {Miltiadis Allamanis and
               Marc Brockschmidt and
               Mahmoud Khademi},
  title     = {Learning to Represent Programs with Graphs},
  booktitle = {{ICLR}},
  publisher = {OpenReview.net},
  year      = {2018}
},
@inproceedings{Nguyen:2015:GSL:2818754.2818858,
 author = {Nguyen, Anh Tuan and Nguyen, Tien N.},
 title = {Graph-based Statistical Language Model for Code},
 booktitle = {Proceedings of the 37th International Conference on Software Engineering - Volume 1},
 series = {ICSE '15},
 year = {2015},
 isbn = {978-1-4799-1934-5},
 location = {Florence, Italy},
 pages = {858--868},
 numpages = {11},
 url = {http://dl.acm.org/citation.cfm?id=2818754.2818858},
 acmid = {2818858},
 publisher = {IEEE Press},
 address = {Piscataway, NJ, USA},
},
@inproceedings{Nguyen:2009:GMM:1595696.1595767,
 author = {Nguyen, Tung Thanh and Nguyen, Hoan Anh and Pham, Nam H. and Al-Kofahi, Jafar M. and Nguyen, Tien N.},
 title = {Graph-based Mining of Multiple Object Usage Patterns},
 booktitle = {Proceedings of the the 7th Joint Meeting of the European Software Engineering Conference and the ACM SIGSOFT Symposium on The Foundations of Software Engineering},
 series = {ESEC/FSE '09},
 year = {2009},
 isbn = {978-1-60558-001-2},
 location = {Amsterdam, The Netherlands},
 pages = {383--392},
 numpages = {10},
 url = {http://doi.acm.org/10.1145/1595696.1595767},
 doi = {10.1145/1595696.1595767},
 acmid = {1595767},
 publisher = {ACM},
 address = {New York, NY, USA},
 keywords = {anomaly, api usage, clone, graph mining, groum, object usage, pattern},
},
@article{DBLP:journals/corr/abs-1811-01824,
  author    = {Patrick Fernandes and
               Miltiadis Allamanis and
               Marc Brockschmidt},
  title     = {Structured Neural Summarization},
  journal   = {CoRR},
  volume    = {abs/1811.01824},
  year      = {2018}
},
@inproceedings{Bruch:2009:LEI:1595696.1595728,
 author = {Bruch, Marcel and Monperrus, Martin and Mezini, Mira},
 title = {Learning from Examples to Improve Code Completion Systems},
 booktitle = {Proceedings of the the 7th Joint Meeting of the European Software Engineering Conference and the ACM SIGSOFT Symposium on The Foundations of Software Engineering},
 series = {ESEC/FSE '09},
 year = {2009},
 isbn = {978-1-60558-001-2},
 location = {Amsterdam, The Netherlands},
 pages = {213--222},
 numpages = {10},
 url = {http://doi.acm.org/10.1145/1595696.1595728},
 doi = {10.1145/1595696.1595728},
 acmid = {1595728},
 publisher = {ACM},
 address = {New York, NY, USA},
 keywords = {code completion, code recommender, content assist, integrated development environment},
},
@article{Chae:2017:AGF:3152284.3133925,
 author = {Chae, Kwonsoo and Oh, Hakjoo and Heo, Kihong and Yang, Hongseok},
 title = {Automatically Generating Features for Learning Program Analysis Heuristics for C-like Languages},
 journal = {Proc. ACM Program. Lang.},
 issue_date = {October 2017},
 volume = {1},
 number = {OOPSLA},
 month = oct,
 year = {2017},
 issn = {2475-1421},
 pages = {101:1--101:25},
 articleno = {101},
 numpages = {25},
 url = {http://doi.acm.org/10.1145/3133925},
 doi = {10.1145/3133925},
 acmid = {3133925},
 publisher = {ACM},
 address = {New York, NY, USA},
 keywords = {Automatic feature generation, Data-driven program analysis},
},
@article{Proksch:2015:ICC:2852270.2744200,
 author = {Proksch, Sebastian and Lerch, Johannes and Mezini, Mira},
 title = {Intelligent Code Completion with Bayesian Networks},
 journal = {ACM Trans. Softw. Eng. Methodol.},
 issue_date = {December 2015},
 volume = {25},
 number = {1},
 month = dec,
 year = {2015},
 issn = {1049-331X},
 pages = {3:1--3:31},
 articleno = {3},
 numpages = {31},
 url = {http://doi.acm.org/10.1145/2744200},
 doi = {10.1145/2744200},
 acmid = {2744200},
 publisher = {ACM},
 address = {New York, NY, USA},
 keywords = {Content assist, code completion, code recommender, evaluation, integrated development environments, machine learning, productivity},
} 

@article{Agesen1995TypeIO,
  title={Type Inference of SELF: Analysis of Objects with Dynamic and Multiple Inheritance},
  author={Ole Agesen and Jens Palsberg and Michael I. Schwartzbach},
  journal={Softw., Pract. Exper.},
  year={1995},
  volume={25},
  pages={975-995}
}

@article{taminglambda,
author = {Shivers, Olin},
year = {1991},
month = {01},
pages = {},
title = {Control-flow analysis of higher-order languages : or taming lambda /}
}

@inproceedings{DBLP:conf/icse/FeldthausSSDT13,
  author    = {Asger Feldthaus and
               Max Sch{\"{a}}fer and
               Manu Sridharan and
               Julian Dolby and
               Frank Tip},
  title     = {Efficient construction of approximate call graphs for JavaScript {IDE}
               services},
  booktitle = {35th International Conference on Software Engineering, {ICSE} '13,
               San Francisco, CA, USA, May 18-26, 2013},
  pages     = {752--761},
  year      = {2013},
  url       = {https://doi.org/10.1109/ICSE.2013.6606621},
  doi       = {10.1109/ICSE.2013.6606621},
  timestamp = {Tue, 23 May 2017 01:11:50 +0200},
  biburl    = {https://dblp.org/rec/bib/conf/icse/FeldthausSSDT13},
  bibsource = {dblp computer science bibliography, https://dblp.org}
}

@inproceedings{chambers1990iterative,
  title={Iterative type analysis and extended message splitting; optimizing dynamically-typed object-oriented programs},
  author={Chambers, Craig and Ungar, David},
  booktitle={ACM SIGPLAN Notices},
  volume={25},
  number={6},
  pages={150--164},
  year={1990},
  organization={ACM}
}

@inproceedings{Feurer:2015:ERA:2969442.2969547,
 author = {Feurer, Matthias and Klein, Aaron and Eggensperger, Katharina and Springenberg, Jost Tobias and Blum, Manuel and Hutter, Frank},
 title = {Efficient and Robust Automated Machine Learning},
 booktitle = {Proceedings of the 28th International Conference on Neural Information Processing Systems - Volume 2},
 series = {NIPS'15},
 year = {2015},
 location = {Montreal, Canada},
 pages = {2755--2763},
 numpages = {9},
 url = {http://dl.acm.org/citation.cfm?id=2969442.2969547},
 acmid = {2969547},
 publisher = {MIT Press},
 address = {Cambridge, MA, USA},
},
@inproceedings{Olson:2016:ETP:2908812.2908918,
 author = {Olson, Randal S. and Bartley, Nathan and Urbanowicz, Ryan J. and Moore, Jason H.},
 title = {Evaluation of a Tree-based Pipeline Optimization Tool for Automating Data Science},
 booktitle = {Proceedings of the Genetic and Evolutionary Computation Conference 2016},
 series = {GECCO '16},
 year = {2016},
 isbn = {978-1-4503-4206-3},
 location = {Denver, Colorado, USA},
 pages = {485--492},
 numpages = {8},
 url = {http://doi.acm.org/10.1145/2908812.2908918},
 doi = {10.1145/2908812.2908918},
 acmid = {2908918},
 publisher = {ACM},
 address = {New York, NY, USA},
 keywords = {Pareto optimization, data science, genetic programming, hyperparameter optimization, machine learning, pipeline optimization, python},
},
@inproceedings{Feurer:2014:UMI:3015544.3015549,
 author = {Feurer, Matthias and Springenberg, Jost Tobias and Hutter, Frank},
 title = {Using Meta-learning to Initialize Bayesian Optimization of Hyperparameters},
 booktitle = {Proceedings of the 2014 International Conference on Meta-learning and Algorithm Selection - Volume 1201},
 series = {MLAS'14},
 year = {2014},
 isbn = {1613-0073},
 location = {Prague, Czech Republic},
 pages = {3--10},
 numpages = {8},
 url = {http://dl.acm.org/citation.cfm?id=3015544.3015549},
 acmid = {3015549},
 publisher = {CEUR-WS.org},
 address = {Aachen, Germany, Germany},
} 